@ARTICLE{6578087, 
author={M. A. Hossain and X. Jia and M. Pickering}, 
journal={IEEE Geoscience and Remote Sensing Letters}, 
title={Subspace Detection Using a Mutual Information Measure for Hyperspectral Image Classification}, 
year={2014}, 
volume={11}, 
number={2}, 
pages={424-428}, 
keywords={feature extraction;hyperspectral imaging;image classification;remote sensing;subspace detection;mutual information measure;hyperspectral image classification;feature reduction;feature extraction techniques;principal component analysis;classification accuracy;Feature extraction;Principal component analysis;Mutual information;Hyperspectral imaging;Accuracy;Redundancy;Feature extraction;feature selection;hyperspectral image;mutual information;principal components}, 
doi={10.1109/LGRS.2013.2264471}, 
ISSN={1545-598X}, 
month={Feb},}

@unknown{unknown,
author = {M. A. Hossain and X. Jia and M. Pickering},
year = {2011},
month = {07},
pages = {1720-1723},
title = {Improved feature selection based on a mutual information measure for hyperspectral image classification},
booktitle = {International Geoscience and Remote Sensing Symposium (IGARSS)}
}